[gd_scene load_steps=55 format=2]

[ext_resource path="res://scripts/drive_shaft.gd" type="Script" id=1]

[sub_resource type="VisualShaderNodeScalarFunc" id=1]
output_port_for_preview = 0
function = 0

[sub_resource type="VisualShaderNodeCompare" id=2]
output_port_for_preview = 0
function = 2

[sub_resource type="VisualShaderNodeScalarInterp" id=3]
default_input_values = [ 0, 0.6, 1, 0.75, 2, 0.5 ]

[sub_resource type="VisualShaderNodeScalarUniform" id=4]
uniform_name = "angle"

[sub_resource type="VisualShaderNodeInput" id=5]
output_port_for_preview = 0
input_name = "uv"

[sub_resource type="VisualShaderNodeVectorDecompose" id=6]
output_port_for_preview = 1

[sub_resource type="VisualShaderNodeScalarOp" id=7]
output_port_for_preview = 0
default_input_values = [ 0, 0.0, 1, 0.5 ]
operator = 1

[sub_resource type="VisualShaderNodeScalarOp" id=8]
output_port_for_preview = 0
default_input_values = [ 0, 0.0, 1, 2.0 ]
operator = 2

[sub_resource type="VisualShaderNodeScalarFunc" id=9]
output_port_for_preview = 0
function = 3

[sub_resource type="VisualShaderNodeScalarOp" id=10]
default_input_values = [ 0, 0.0, 1, 5.0 ]
operator = 2

[sub_resource type="VisualShaderNodeScalarOp" id=11]

[sub_resource type="VisualShader" id=12]
code = "shader_type canvas_item;
uniform float angle;



void vertex() {
// Output:0

}

void fragment() {
// Input:2
	vec3 n_out2p0 = vec3(UV, 0.0);

// VectorDecompose:3
	float n_out3p0 = n_out2p0.x;
	float n_out3p1 = n_out2p0.y;
	float n_out3p2 = n_out2p0.z;

// ScalarOp:4
	float n_in4p1 = 0.50000;
	float n_out4p0 = n_out3p1 - n_in4p1;

// ScalarOp:5
	float n_in5p1 = 2.00000;
	float n_out5p0 = n_out4p0 * n_in5p1;

// ScalarFunc:6
	float n_out6p0 = asin(n_out5p0);

// ScalarOp:7
	float n_in7p1 = 5.00000;
	float n_out7p0 = n_out6p0 * n_in7p1;

// ScalarUniform:14
	float n_out14p0 = angle;

// ScalarOp:8
	float n_out8p0 = n_out7p0 + n_out14p0;

// ScalarFunc:11
	float n_out11p0 = sin(n_out8p0);

// Compare:12
	float n_in12p1 = 0.00000;
	bool n_out12p0 = n_out11p0>n_in12p1;

// ScalarMix:13
	float n_in13p0 = 0.60000;
	float n_in13p1 = 0.75000;
	float n_out13p0 = mix(n_in13p0, n_in13p1, (n_out12p0 ? 1.0 : 0.0));

// Output:0
	COLOR.rgb = vec3(n_out13p0);

}

void light() {
// Output:0

}
"
graph_offset = Vector2( -265.424, -300 )
mode = 1
flags/light_only = false
nodes/fragment/0/position = Vector2( 886, 291 )
nodes/fragment/2/node = SubResource( 5 )
nodes/fragment/2/position = Vector2( -1282.8, 30.428 )
nodes/fragment/3/node = SubResource( 6 )
nodes/fragment/3/position = Vector2( -1053.8, 76.428 )
nodes/fragment/4/node = SubResource( 7 )
nodes/fragment/4/position = Vector2( -784.798, 119.428 )
nodes/fragment/5/node = SubResource( 8 )
nodes/fragment/5/position = Vector2( -570.798, 189.428 )
nodes/fragment/6/node = SubResource( 9 )
nodes/fragment/6/position = Vector2( -393.798, 197.428 )
nodes/fragment/7/node = SubResource( 10 )
nodes/fragment/7/position = Vector2( -149.798, 265.428 )
nodes/fragment/8/node = SubResource( 11 )
nodes/fragment/8/position = Vector2( 45.202, 325.428 )
nodes/fragment/11/node = SubResource( 1 )
nodes/fragment/11/position = Vector2( 242.202, 332.428 )
nodes/fragment/12/node = SubResource( 2 )
nodes/fragment/12/position = Vector2( 476.202, 285.428 )
nodes/fragment/13/node = SubResource( 3 )
nodes/fragment/13/position = Vector2( 687.202, 279.428 )
nodes/fragment/14/node = SubResource( 4 )
nodes/fragment/14/position = Vector2( -237, 477 )
nodes/fragment/connections = PoolIntArray( 2, 0, 3, 0, 3, 1, 4, 0, 4, 0, 5, 0, 5, 0, 6, 0, 6, 0, 7, 0, 7, 0, 8, 0, 8, 0, 11, 0, 11, 0, 12, 0, 12, 0, 13, 2, 13, 0, 0, 0, 14, 0, 8, 1 )

[sub_resource type="ShaderMaterial" id=13]
resource_local_to_scene = true
shader = SubResource( 12 )
shader_param/angle = null

[sub_resource type="ProxyTexture" id=14]

[sub_resource type="VisualShaderNodeCompare" id=15]
output_port_for_preview = 0
default_input_values = [ 0, 0.0, 1, 0.0, 2, 0.7 ]
function = 2

[sub_resource type="VisualShaderNodeScalarInterp" id=16]
default_input_values = [ 0, 0.0, 1, 0.2, 2, 0.8 ]

[sub_resource type="VisualShaderNodeScalarFunc" id=17]
output_port_for_preview = 0
function = 0

[sub_resource type="VisualShaderNodeScalarOp" id=18]
default_input_values = [ 0, 0.0, 1, 7.0 ]
operator = 2

[sub_resource type="VisualShaderNodeScalarFunc" id=19]
output_port_for_preview = 0
function = 31

[sub_resource type="VisualShaderNodeScalarInterp" id=20]
output_port_for_preview = 0
default_input_values = [ 0, 0.7, 1, 0.55, 2, 0.5 ]

[sub_resource type="VisualShaderNodeInput" id=21]
output_port_for_preview = 0
input_name = "uv"

[sub_resource type="VisualShaderNodeCompare" id=22]
output_port_for_preview = 0
default_input_values = [ 0, 0.0, 1, 0.5, 2, 1e-05 ]
function = 2

[sub_resource type="VisualShaderNodeScalarInterp" id=23]
output_port_for_preview = 0
default_input_values = [ 0, 0.0, 1, 0.75, 2, 0.5 ]

[sub_resource type="VisualShaderNodeScalarOp" id=24]
default_input_values = [ 0, 0.0, 1, 1.0 ]

[sub_resource type="VisualShaderNodeScalarUniform" id=25]
uniform_name = "angle"

[sub_resource type="VisualShaderNodeVectorDistance" id=26]
output_port_for_preview = 0
default_input_values = [ 0, Vector3( 0, 0, 0 ), 1, Vector3( 0.5, 0.5, 0 ) ]

[sub_resource type="VisualShaderNodeScalarOp" id=27]
output_port_for_preview = 0
default_input_values = [ 0, 0.0, 1, 2.0 ]
operator = 2

[sub_resource type="VisualShaderNodeCompare" id=28]
output_port_for_preview = 0
default_input_values = [ 0, 0.0, 1, 0.8, 2, 1e-05 ]
function = 2

[sub_resource type="VisualShaderNodeVectorOp" id=29]
output_port_for_preview = 0
default_input_values = [ 0, Vector3( 0, 0, 0 ), 1, Vector3( 0.5, 0.5, 0 ) ]
operator = 1

[sub_resource type="VisualShaderNodeScalarOp" id=30]
output_port_for_preview = 0
operator = 8

[sub_resource type="VisualShaderNodeVectorDecompose" id=31]

[sub_resource type="VisualShader" id=32]
code = "shader_type canvas_item;
uniform float angle;



void vertex() {
// Output:0

}

void fragment() {
// Input:2
	vec3 n_out2p0 = vec3(UV, 0.0);

// VectorOp:6
	vec3 n_in6p1 = vec3(0.50000, 0.50000, 0.00000);
	vec3 n_out6p0 = n_out2p0 - n_in6p1;

// VectorDecompose:8
	float n_out8p0 = n_out6p0.x;
	float n_out8p1 = n_out6p0.y;
	float n_out8p2 = n_out6p0.z;

// ScalarOp:7
	float n_out7p0 = atan(n_out8p0, n_out8p1);

// ScalarOp:14
	float n_in14p1 = 7.00000;
	float n_out14p0 = n_out7p0 * n_in14p1;

// ScalarUniform:26
	float n_out26p0 = angle;

// ScalarOp:23
	float n_out23p0 = n_out14p0 + n_out26p0;

// ScalarFunc:13
	float n_out13p0 = sin(n_out23p0);

// Compare:11
	float n_in11p1 = 0.00000;
	bool n_out11p0 = n_out13p0>n_in11p1;

// ScalarMix:18
	float n_in18p0 = 0.70000;
	float n_in18p1 = 0.55000;
	float n_out18p0 = mix(n_in18p0, n_in18p1, (n_out11p0 ? 1.0 : 0.0));

// Distance:3
	vec3 n_in3p1 = vec3(0.50000, 0.50000, 0.00000);
	float n_out3p0 = distance(n_out2p0, n_in3p1);

// ScalarOp:4
	float n_in4p1 = 2.00000;
	float n_out4p0 = n_out3p0 * n_in4p1;

// ScalarFunc:16
	float n_out16p0 = 1.0 - n_out4p0;

// Compare:20
	float n_in20p1 = 0.50000;
	bool n_out20p0 = n_out16p0>n_in20p1;

// ScalarMix:22
	float n_in22p1 = 0.75000;
	float n_out22p0 = mix(n_out18p0, n_in22p1, (n_out20p0 ? 1.0 : 0.0));

// ScalarMix:12
	float n_in12p0 = 0.00000;
	float n_in12p1 = 0.20000;
	float n_out12p0 = mix(n_in12p0, n_in12p1, (n_out11p0 ? 1.0 : 0.0));

// Compare:5
	bool n_out5p0 = n_out16p0>n_out12p0;

// Output:0
	COLOR.rgb = vec3(n_out22p0);
	COLOR.a = (n_out5p0 ? 1.0 : 0.0);

}

void light() {
// Output:0

}
"
graph_offset = Vector2( -734, 14 )
mode = 1
flags/light_only = false
nodes/fragment/0/position = Vector2( 980, 213 )
nodes/fragment/2/node = SubResource( 21 )
nodes/fragment/2/position = Vector2( -1286, 29 )
nodes/fragment/3/node = SubResource( 26 )
nodes/fragment/3/position = Vector2( -697, -59 )
nodes/fragment/4/node = SubResource( 27 )
nodes/fragment/4/position = Vector2( -503, -87 )
nodes/fragment/5/node = SubResource( 28 )
nodes/fragment/5/position = Vector2( 672.75, 174 )
nodes/fragment/6/node = SubResource( 29 )
nodes/fragment/6/position = Vector2( -974.25, 305 )
nodes/fragment/7/node = SubResource( 30 )
nodes/fragment/7/position = Vector2( -586.25, 305 )
nodes/fragment/8/node = SubResource( 31 )
nodes/fragment/8/position = Vector2( -802.25, 340 )
nodes/fragment/11/node = SubResource( 15 )
nodes/fragment/11/position = Vector2( 189.5, 323 )
nodes/fragment/12/node = SubResource( 16 )
nodes/fragment/12/position = Vector2( 403.5, 347 )
nodes/fragment/13/node = SubResource( 17 )
nodes/fragment/13/position = Vector2( -7.5, 374 )
nodes/fragment/14/node = SubResource( 18 )
nodes/fragment/14/position = Vector2( -396.5, 342 )
nodes/fragment/16/node = SubResource( 19 )
nodes/fragment/16/position = Vector2( -284.798, -60.572 )
nodes/fragment/18/node = SubResource( 20 )
nodes/fragment/18/position = Vector2( 477.952, -21.572 )
nodes/fragment/20/node = SubResource( 22 )
nodes/fragment/20/position = Vector2( 388.952, -338.572 )
nodes/fragment/22/node = SubResource( 23 )
nodes/fragment/22/position = Vector2( 736.952, -115.572 )
nodes/fragment/23/node = SubResource( 24 )
nodes/fragment/23/position = Vector2( -194.048, 379.428 )
nodes/fragment/26/node = SubResource( 25 )
nodes/fragment/26/position = Vector2( -409, 489 )
nodes/fragment/connections = PoolIntArray( 2, 0, 3, 0, 3, 0, 4, 0, 5, 0, 0, 1, 2, 0, 6, 0, 8, 0, 7, 0, 8, 1, 7, 1, 6, 0, 8, 0, 7, 0, 14, 0, 4, 0, 16, 0, 13, 0, 11, 0, 11, 0, 18, 2, 12, 0, 5, 1, 11, 0, 12, 2, 16, 0, 20, 0, 16, 0, 5, 0, 18, 0, 22, 0, 20, 0, 22, 2, 22, 0, 0, 0, 14, 0, 23, 0, 23, 0, 13, 0, 26, 0, 23, 1 )

[sub_resource type="ShaderMaterial" id=33]
resource_local_to_scene = true
shader = SubResource( 32 )
shader_param/angle = null

[sub_resource type="ProxyTexture" id=34]

[sub_resource type="VisualShaderNodeCompare" id=35]
output_port_for_preview = 0
default_input_values = [ 0, 0.0, 1, 0.1, 2, 1e-05 ]
function = 2

[sub_resource type="VisualShaderNodeScalarOp" id=36]
output_port_for_preview = 0
default_input_values = [ 0, 0.0, 1, 0.5 ]
operator = 1

[sub_resource type="VisualShaderNodeScalarFunc" id=37]
output_port_for_preview = 0
function = 3

[sub_resource type="VisualShaderNodeScalarOp" id=38]
output_port_for_preview = 0
default_input_values = [ 0, 0.0, 1, 5.0 ]
operator = 2

[sub_resource type="VisualShaderNodeCompare" id=39]
output_port_for_preview = 0
function = 2

[sub_resource type="VisualShaderNodeScalarFunc" id=40]
output_port_for_preview = 0
function = 0

[sub_resource type="VisualShaderNodeScalarOp" id=41]
output_port_for_preview = 0
default_input_values = [ 0, 0.0, 1, 2.0 ]
operator = 2

[sub_resource type="VisualShaderNodeScalarOp" id=42]
output_port_for_preview = 0
default_input_values = [ 0, 0.0, 1, 5.0 ]

[sub_resource type="VisualShaderNodeScalarOp" id=43]
output_port_for_preview = 0
operator = 3

[sub_resource type="VisualShaderNodeInput" id=44]
output_port_for_preview = 0
input_name = "uv"

[sub_resource type="VisualShaderNodeScalarOp" id=45]
output_port_for_preview = 0
default_input_values = [ 0, 0.0, 1, 0.5 ]

[sub_resource type="VisualShaderNodeScalarClamp" id=46]
output_port_for_preview = 0

[sub_resource type="VisualShaderNodeScalarInterp" id=47]
output_port_for_preview = 0
default_input_values = [ 0, 0.6, 1, 0.8, 2, 0.5 ]

[sub_resource type="VisualShaderNodeScalarUniform" id=48]
uniform_name = "angle"

[sub_resource type="VisualShaderNodeVectorDecompose" id=49]
output_port_for_preview = 0

[sub_resource type="VisualShaderNodeScalarOp" id=50]
output_port_for_preview = 0
default_input_values = [ 0, 0.0, 1, 0.5 ]
operator = 1

[sub_resource type="VisualShaderNodeScalarFunc" id=51]
output_port_for_preview = 0
function = 12

[sub_resource type="VisualShader" id=52]
code = "shader_type canvas_item;
uniform float angle;



void vertex() {
// Output:0

}

void fragment() {
// ScalarUniform:26
	float n_out26p0 = angle;

// Input:2
	vec3 n_out2p0 = vec3(UV, 0.0);

// VectorDecompose:3
	float n_out3p0 = n_out2p0.x;
	float n_out3p1 = n_out2p0.y;
	float n_out3p2 = n_out2p0.z;

// ScalarOp:5
	float n_in5p1 = 0.50000;
	float n_out5p0 = n_out3p1 - n_in5p1;

// ScalarOp:16
	float n_in16p1 = 2.00000;
	float n_out16p0 = n_out5p0 * n_in16p1;

// ScalarOp:21
	float n_in21p1 = 0.50000;
	float n_out21p0 = n_out3p0 + n_in21p1;

// ScalarClamp:22
	float n_in22p1 = 0.00000;
	float n_in22p2 = 1.00000;
	float n_out22p0 = clamp(n_out21p0, n_in22p1, n_in22p2);

// ScalarOp:19
	float n_out19p0 = n_out16p0 / n_out22p0;

// ScalarFunc:12
	float n_out12p0 = asin(n_out19p0);

// ScalarOp:13
	float n_in13p1 = 5.00000;
	float n_out13p0 = n_out12p0 * n_in13p1;

// ScalarOp:17
	float n_out17p0 = n_out26p0 + n_out13p0;

// ScalarFunc:15
	float n_out15p0 = sin(n_out17p0);

// Compare:14
	float n_in14p1 = 0.00000;
	bool n_out14p0 = n_out15p0>n_in14p1;

// ScalarMix:24
	float n_in24p0 = 0.60000;
	float n_in24p1 = 0.80000;
	float n_out24p0 = mix(n_in24p0, n_in24p1, (n_out14p0 ? 1.0 : 0.0));

// ScalarFunc:6
	float n_out6p0 = abs(n_out16p0);

// ScalarOp:11
	float n_in11p1 = 0.50000;
	float n_out11p0 = n_out6p0 - n_in11p1;

// Compare:10
	bool n_out10p0 = n_out3p0>n_out11p0;

// Output:0
	COLOR.rgb = vec3(n_out24p0);
	COLOR.a = (n_out10p0 ? 1.0 : 0.0);

}

void light() {
// Output:0

}
"
mode = 1
flags/light_only = false
nodes/fragment/0/position = Vector2( 1721, 505 )
nodes/fragment/2/node = SubResource( 44 )
nodes/fragment/2/position = Vector2( -1072.05, 122.428 )
nodes/fragment/3/node = SubResource( 49 )
nodes/fragment/3/position = Vector2( -854.048, 149.428 )
nodes/fragment/5/node = SubResource( 50 )
nodes/fragment/5/position = Vector2( -365.048, 473.428 )
nodes/fragment/6/node = SubResource( 51 )
nodes/fragment/6/position = Vector2( 7.95203, 462.428 )
nodes/fragment/10/node = SubResource( 35 )
nodes/fragment/10/position = Vector2( 1005.95, 411.428 )
nodes/fragment/11/node = SubResource( 36 )
nodes/fragment/11/position = Vector2( 211.952, 432.428 )
nodes/fragment/12/node = SubResource( 37 )
nodes/fragment/12/position = Vector2( 273.952, 76.428 )
nodes/fragment/13/node = SubResource( 38 )
nodes/fragment/13/position = Vector2( 511.952, 73.428 )
nodes/fragment/14/node = SubResource( 39 )
nodes/fragment/14/position = Vector2( 1235.95, 106.428 )
nodes/fragment/15/node = SubResource( 40 )
nodes/fragment/15/position = Vector2( 1004.95, 143.428 )
nodes/fragment/16/node = SubResource( 41 )
nodes/fragment/16/position = Vector2( -180.048, 463.428 )
nodes/fragment/17/node = SubResource( 42 )
nodes/fragment/17/position = Vector2( 738.952, 113.428 )
nodes/fragment/19/node = SubResource( 43 )
nodes/fragment/19/position = Vector2( 71.952, 33.428 )
nodes/fragment/21/node = SubResource( 45 )
nodes/fragment/21/position = Vector2( -348.048, 5.42804 )
nodes/fragment/22/node = SubResource( 46 )
nodes/fragment/22/position = Vector2( -168.048, 31.428 )
nodes/fragment/24/node = SubResource( 47 )
nodes/fragment/24/position = Vector2( 1423.7, 187.428 )
nodes/fragment/26/node = SubResource( 48 )
nodes/fragment/26/position = Vector2( 498, -52 )
nodes/fragment/connections = PoolIntArray( 2, 0, 3, 0, 3, 1, 5, 0, 10, 0, 0, 1, 12, 0, 13, 0, 15, 0, 14, 0, 5, 0, 16, 0, 16, 0, 6, 0, 6, 0, 11, 0, 17, 0, 15, 0, 19, 0, 12, 0, 21, 0, 22, 0, 22, 0, 19, 1, 16, 0, 19, 0, 3, 0, 21, 0, 13, 0, 17, 1, 11, 0, 10, 1, 3, 0, 10, 0, 14, 0, 24, 2, 24, 0, 0, 0, 26, 0, 17, 0 )

[sub_resource type="ShaderMaterial" id=53]
resource_local_to_scene = true
shader = SubResource( 52 )
shader_param/angle = null

[node name="DriveShaft" type="Node2D"]
z_index = 5
script = ExtResource( 1 )

[node name="Shaft" type="Sprite" parent="."]
material = SubResource( 13 )
scale = Vector2( 300, 20 )
texture = SubResource( 14 )
centered = false
offset = Vector2( 0, -0.5 )

[node name="FrontGear" type="Sprite" parent="."]
material = SubResource( 33 )
scale = Vector2( 60, 60 )
texture = SubResource( 34 )

[node name="SideGear" type="Sprite" parent="."]
material = SubResource( 53 )
position = Vector2( 30, 0 )
scale = Vector2( 30, 60 )
texture = SubResource( 34 )

[node name="DriveShaftTarget" type="Node2D" parent="."]
position = Vector2( 300, 0 )

[node name="FrontGear" type="Sprite" parent="DriveShaftTarget"]
material = SubResource( 33 )
scale = Vector2( 60, 60 )
z_index = 10
texture = SubResource( 34 )
flip_h = true

[node name="SideGear" type="Sprite" parent="DriveShaftTarget"]
material = SubResource( 53 )
position = Vector2( -30, 0 )
scale = Vector2( 30, 60 )
z_index = 10
texture = SubResource( 34 )
flip_h = true
