[gd_scene load_steps=46 format=2]

[ext_resource path="res://scenes/suspension.tscn" type="PackedScene" id=1]

[sub_resource type="VisualShaderNodeScalarOp" id=1]
output_port_for_preview = 0
default_input_values = [ 0, 0.0, 1, 5.0 ]

[sub_resource type="VisualShaderNodeScalarOp" id=2]
output_port_for_preview = 0
default_input_values = [ 0, 0.0, 1, 6.0 ]
operator = 3

[sub_resource type="VisualShaderNodeScalarOp" id=4]
output_port_for_preview = 0
operator = 2

[sub_resource type="VisualShaderNodeScalarFunc" id=5]
output_port_for_preview = 0

[sub_resource type="VisualShaderNodeScalarFunc" id=6]
output_port_for_preview = 0
function = 19

[sub_resource type="VisualShaderNodeScalarOp" id=7]
output_port_for_preview = 0
operator = 2

[sub_resource type="VisualShaderNodeCompare" id=8]
function = 2

[sub_resource type="VisualShaderNodeScalarOp" id=9]
default_input_values = [ 0, 0.0, 1, 0.5 ]

[sub_resource type="VisualShaderNodeScalarFunc" id=10]
output_port_for_preview = 0
function = 0

[sub_resource type="VisualShaderNodeCompare" id=11]
output_port_for_preview = 0
default_input_values = [ 0, 0.0, 1, 0.0, 2, 0.3 ]

[sub_resource type="VisualShaderNodeScalarOp" id=13]
output_port_for_preview = 0
operator = 6

[sub_resource type="VisualShaderNodeScalarFunc" id=14]
output_port_for_preview = 0
function = 0

[sub_resource type="VisualShaderNodeCompare" id=15]
output_port_for_preview = 0
default_input_values = [ 0, 0.0, 1, 0.0, 2, 0.3 ]

[sub_resource type="VisualShaderNodeScalarOp" id=16]
default_input_values = [ 0, 0.0, 1, 0.5 ]
operator = 1

[sub_resource type="VisualShaderNodeScalarOp" id=17]
output_port_for_preview = 0
operator = 6

[sub_resource type="VisualShaderNodeScalarConstant" id=18]
constant = 0.3

[sub_resource type="VisualShaderNodeScalarConstant" id=19]
constant = 0.3

[sub_resource type="VisualShaderNodeInput" id=89]
input_name = "modulate_color"

[sub_resource type="VisualShaderNodeCompare" id=90]
output_port_for_preview = 0
default_input_values = [ 0, 0.0, 1, 0.5, 2, 1e-05 ]
function = 2

[sub_resource type="VisualShaderNodeScalarOp" id=91]
output_port_for_preview = 0
default_input_values = [ 0, 0.0, 1, 2.0 ]
operator = 2

[sub_resource type="VisualShaderNodeScalarInterp" id=92]
output_port_for_preview = 0
default_input_values = [ 0, 0.5, 1, 0.25, 2, 0.5 ]

[sub_resource type="VisualShaderNodeScalarInterp" id=93]
output_port_for_preview = 0
default_input_values = [ 0, 0.7, 1, 0.55, 2, 0.5 ]

[sub_resource type="VisualShaderNodeInput" id=31]
output_port_for_preview = 0
input_name = "uv"

[sub_resource type="VisualShaderNodeVectorScalarMix" id=32]
output_port_for_preview = 0
default_input_values = [ 0, Vector3( 0, 0, 0 ), 1, Vector3( 0, 0, 0 ), 2, 0.5 ]

[sub_resource type="VisualShaderNodeVectorScalarMix" id=33]
output_port_for_preview = 0
default_input_values = [ 0, Vector3( 0, 0, 0 ), 1, Vector3( 0, 0, 0 ), 2, 0.5 ]

[sub_resource type="VisualShaderNodeVectorDecompose" id=34]
output_port_for_preview = 1

[sub_resource type="VisualShaderNodeVectorScalarMix" id=35]
output_port_for_preview = 0
default_input_values = [ 0, Vector3( 0, 0, 0 ), 1, Vector3( 0, 0, 0 ), 2, 0.5 ]

[sub_resource type="VisualShaderNodeVectorScalarMix" id=36]
output_port_for_preview = 0

[sub_resource type="VisualShaderNodeVectorScalarMix" id=37]
output_port_for_preview = 0

[sub_resource type="VisualShaderNodeCompare" id=38]
output_port_for_preview = 0
function = 2

[sub_resource type="VisualShaderNodeScalarOp" id=39]
output_port_for_preview = 0
default_input_values = [ 0, 0.0, 1, 0.5 ]
operator = 1

[sub_resource type="VisualShaderNodeScalarFunc" id=40]
output_port_for_preview = 0
function = 12

[sub_resource type="VisualShaderNodeScalarOp" id=60]
default_input_values = [ 0, 0.0, 1, 50.0 ]
operator = 2

[sub_resource type="VisualShaderNodeScalarFunc" id=61]
output_port_for_preview = 0
function = 0

[sub_resource type="VisualShaderNodeInput" id=62]
output_port_for_preview = 0
input_name = "uv"

[sub_resource type="VisualShaderNodeVectorDecompose" id=63]

[sub_resource type="VisualShaderNodeCompare" id=64]
output_port_for_preview = 0
default_input_values = [ 0, 0.0, 1, 0.4, 2, 1e-05 ]
function = 4

[sub_resource type="VisualShaderNodeScalarOp" id=65]
output_port_for_preview = 0
default_input_values = [ 0, 0.0, 1, 0.5 ]
operator = 1

[sub_resource type="VisualShaderNodeScalarOp" id=66]
output_port_for_preview = 0
default_input_values = [ 0, 0.0, 1, 2.7 ]
operator = 2

[sub_resource type="VisualShaderNodeCompare" id=67]
output_port_for_preview = 0
default_input_values = [ 0, 0.0, 1, 0.0, 2, 0.3 ]

[sub_resource type="VisualShaderNodeScalarFunc" id=68]
output_port_for_preview = 0
function = 1

[sub_resource type="VisualShaderNodeScalarOp" id=69]
output_port_for_preview = 0
operator = 2

[sub_resource type="VisualShader" id=70]
code = "shader_type canvas_item;



void vertex() {
// Output:0

}

void fragment() {
// Input:127
	vec3 n_out127p0 = MODULATE.rgb;

// Input:88
	vec3 n_out88p0 = vec3(UV, 0.0);

// VectorDecompose:89
	float n_out89p0 = n_out88p0.x;
	float n_out89p1 = n_out88p0.y;
	float n_out89p2 = n_out88p0.z;

// ScalarOp:90
	float n_in90p1 = 0.50000;
	float n_out90p0 = n_out89p0 - n_in90p1;

// ScalarOp:91
	float n_in91p1 = 2.70000;
	float n_out91p0 = n_out90p0 * n_in91p1;

// ScalarOp:77
	float n_in77p1 = 50.00000;
	float n_out77p0 = n_out89p1 * n_in77p1;

// Scalar:125
	float n_out125p0 = 0.300000;

// ScalarOp:117
	float n_out117p0 = n_out77p0 + n_out125p0;

// ScalarFunc:118
	float n_out118p0 = sin(n_out117p0);

// Scalar:126
	float n_out126p0 = 0.300000;

// Compare:119
	bool n_out119p0 = (abs(n_out91p0 - n_out118p0) < n_out126p0);
// ScalarOp:123
	float n_out123p0 = n_out77p0 - n_out125p0;

// ScalarFunc:78
	float n_out78p0 = sin(n_out123p0);

// Compare:92
	bool n_out92p0 = (abs(n_out91p0 - n_out78p0) < n_out126p0);
// ScalarOp:120
	float n_out120p0 = max((n_out119p0 ? 1.0 : 0.0), (n_out92p0 ? 1.0 : 0.0));

// ScalarFunc:121
	float n_out121p0 = sin(n_out77p0);

// Compare:122
	bool n_out122p0 = (abs(n_out91p0 - n_out121p0) < n_out126p0);
// ScalarOp:124
	float n_out124p0 = max(n_out120p0, (n_out122p0 ? 1.0 : 0.0));

// ScalarFunc:93
	float n_out93p0 = cos(n_out77p0);

// ScalarOp:94
	float n_out94p0 = n_out124p0 * n_out93p0;

// ScalarOp:108
	float n_in108p1 = 5.00000;
	float n_out108p0 = n_out94p0 + n_in108p1;

// ScalarOp:109
	float n_in109p1 = 6.00000;
	float n_out109p0 = n_out108p0 / n_in109p1;

// ScalarFunc:111
	float n_out111p0 = sign(n_out94p0);

// ScalarFunc:112
	float n_out112p0 = -(n_out111p0);

// ScalarOp:114
	float n_out114p0 = n_out109p0 * n_out112p0;

// VectorScalarMix:40
	vec3 n_in40p0 = vec3(0.00000, 0.00000, 0.00000);
	vec3 n_out40p0 = mix(n_in40p0, n_out127p0, n_out114p0);

// Input:3
	vec3 n_out3p0 = vec3(UV, 0.0);

// VectorDecompose:4
	float n_out4p0 = n_out3p0.x;
	float n_out4p1 = n_out3p0.y;
	float n_out4p2 = n_out3p0.z;

// Compare:128
	float n_in128p1 = 0.50000;
	bool n_out128p0 = n_out4p1>n_in128p1;

// ScalarMix:131
	float n_in131p0 = 0.70000;
	float n_in131p1 = 0.55000;
	float n_out131p0 = mix(n_in131p0, n_in131p1, (n_out128p0 ? 1.0 : 0.0));

// ScalarOp:46
	float n_in46p1 = 0.50000;
	float n_out46p0 = n_out4p0 - n_in46p1;

// ScalarOp:129
	float n_in129p1 = 2.00000;
	float n_out129p0 = n_out46p0 * n_in129p1;

// ScalarFunc:47
	float n_out47p0 = abs(n_out129p0);

// ScalarMix:130
	float n_in130p0 = 0.50000;
	float n_in130p1 = 0.25000;
	float n_out130p0 = mix(n_in130p0, n_in130p1, (n_out128p0 ? 1.0 : 0.0));

// Compare:9
	bool n_out9p0 = n_out47p0<n_out130p0;

// VectorScalarMix:38
	vec3 n_in38p0 = vec3(0.00000, 0.00000, 0.00000);
	vec3 n_out38p0 = mix(n_in38p0, vec3(n_out131p0), (n_out9p0 ? 1.0 : 0.0));

// VectorScalarMix:43
	vec3 n_out43p0 = mix(n_out40p0, n_out38p0, (n_out9p0 ? 1.0 : 0.0));

// ScalarOp:110
	float n_out110p0 = n_out109p0 * n_out111p0;

// VectorScalarMix:31
	vec3 n_in31p0 = vec3(0.00000, 0.00000, 0.00000);
	vec3 n_out31p0 = mix(n_in31p0, n_out127p0, n_out110p0);

// Compare:116
	float n_in116p1 = 0.00000;
	bool n_out116p0 = dot(n_out31p0, vec3(0.333333, 0.333333, 0.333333))>n_in116p1;

// VectorScalarMix:44
	vec3 n_out44p0 = mix(n_out43p0, n_out31p0, (n_out116p0 ? 1.0 : 0.0));

// Compare:45
	float n_in45p1 = 0.00000;
	bool n_out45p0 = dot(n_out44p0, vec3(0.333333, 0.333333, 0.333333))>n_in45p1;

// Output:0
	COLOR.rgb = n_out44p0;
	COLOR.a = (n_out45p0 ? 1.0 : 0.0);

}

void light() {
// Output:0

}
"
graph_offset = Vector2( -265.424, -479.584 )
mode = 1
flags/light_only = false
nodes/fragment/0/position = Vector2( 2667.2, 867.2 )
nodes/fragment/3/node = SubResource( 31 )
nodes/fragment/3/position = Vector2( -642.752, -393.952 )
nodes/fragment/4/node = SubResource( 34 )
nodes/fragment/4/position = Vector2( -425.328, -238.336 )
nodes/fragment/9/node = SubResource( 64 )
nodes/fragment/9/position = Vector2( 458.184, -342.856 )
nodes/fragment/31/node = SubResource( 32 )
nodes/fragment/31/position = Vector2( 1512.9, 1126.6 )
nodes/fragment/38/node = SubResource( 33 )
nodes/fragment/38/position = Vector2( 1021.7, -252.6 )
nodes/fragment/40/node = SubResource( 35 )
nodes/fragment/40/position = Vector2( 1393.9, 756.6 )
nodes/fragment/43/node = SubResource( 36 )
nodes/fragment/43/position = Vector2( 1664.4, 723.6 )
nodes/fragment/44/node = SubResource( 37 )
nodes/fragment/44/position = Vector2( 2120.4, 843.6 )
nodes/fragment/45/node = SubResource( 38 )
nodes/fragment/45/position = Vector2( 2401.2, 1008.8 )
nodes/fragment/46/node = SubResource( 39 )
nodes/fragment/46/position = Vector2( -198.952, -420.888 )
nodes/fragment/47/node = SubResource( 40 )
nodes/fragment/47/position = Vector2( 210.256, -391.64 )
nodes/fragment/77/node = SubResource( 60 )
nodes/fragment/77/position = Vector2( -2418, 1205 )
nodes/fragment/78/node = SubResource( 61 )
nodes/fragment/78/position = Vector2( -1973, 1145 )
nodes/fragment/88/node = SubResource( 62 )
nodes/fragment/88/position = Vector2( -3081, 990 )
nodes/fragment/89/node = SubResource( 63 )
nodes/fragment/89/position = Vector2( -2729, 1077 )
nodes/fragment/90/node = SubResource( 65 )
nodes/fragment/90/position = Vector2( -2336, 724 )
nodes/fragment/91/node = SubResource( 66 )
nodes/fragment/91/position = Vector2( -2049, 625 )
nodes/fragment/92/node = SubResource( 67 )
nodes/fragment/92/position = Vector2( -1716, 1087 )
nodes/fragment/93/node = SubResource( 68 )
nodes/fragment/93/position = Vector2( -1724, 1750 )
nodes/fragment/94/node = SubResource( 69 )
nodes/fragment/94/position = Vector2( -1447, 1690 )
nodes/fragment/108/node = SubResource( 1 )
nodes/fragment/108/position = Vector2( -1097, 1383 )
nodes/fragment/109/node = SubResource( 2 )
nodes/fragment/109/position = Vector2( -886, 1373 )
nodes/fragment/110/node = SubResource( 4 )
nodes/fragment/110/position = Vector2( -488, 1337 )
nodes/fragment/111/node = SubResource( 5 )
nodes/fragment/111/position = Vector2( -1168, 1705 )
nodes/fragment/112/node = SubResource( 6 )
nodes/fragment/112/position = Vector2( -835, 1725 )
nodes/fragment/114/node = SubResource( 7 )
nodes/fragment/114/position = Vector2( -489, 1610 )
nodes/fragment/116/node = SubResource( 8 )
nodes/fragment/116/position = Vector2( 1855, 1131 )
nodes/fragment/117/node = SubResource( 9 )
nodes/fragment/117/position = Vector2( -2155, 1007 )
nodes/fragment/118/node = SubResource( 10 )
nodes/fragment/118/position = Vector2( -1983, 951 )
nodes/fragment/119/node = SubResource( 11 )
nodes/fragment/119/position = Vector2( -1720, 796 )
nodes/fragment/120/node = SubResource( 13 )
nodes/fragment/120/position = Vector2( -1454, 1025 )
nodes/fragment/121/node = SubResource( 14 )
nodes/fragment/121/position = Vector2( -1999, 1379 )
nodes/fragment/122/node = SubResource( 15 )
nodes/fragment/122/position = Vector2( -1721, 1368 )
nodes/fragment/123/node = SubResource( 16 )
nodes/fragment/123/position = Vector2( -2167, 1155 )
nodes/fragment/124/node = SubResource( 17 )
nodes/fragment/124/position = Vector2( -1456, 1308 )
nodes/fragment/125/node = SubResource( 18 )
nodes/fragment/125/position = Vector2( -2414, 1041 )
nodes/fragment/126/node = SubResource( 19 )
nodes/fragment/126/position = Vector2( -2418, 1499 )
nodes/fragment/127/node = SubResource( 89 )
nodes/fragment/127/position = Vector2( 1032.5, 1060.58 )
nodes/fragment/128/node = SubResource( 90 )
nodes/fragment/128/position = Vector2( -86.4242, -97.584 )
nodes/fragment/129/node = SubResource( 91 )
nodes/fragment/129/position = Vector2( 9.57581, -418.584 )
nodes/fragment/130/node = SubResource( 92 )
nodes/fragment/130/position = Vector2( 180.576, -164.584 )
nodes/fragment/131/node = SubResource( 93 )
nodes/fragment/131/position = Vector2( 450.576, -53.584 )
nodes/fragment/connections = PoolIntArray( 40, 0, 43, 0, 38, 0, 43, 1, 43, 0, 44, 0, 31, 0, 44, 1, 4, 0, 46, 0, 44, 0, 45, 0, 47, 0, 9, 0, 9, 0, 38, 2, 3, 0, 4, 0, 45, 0, 0, 1, 44, 0, 0, 0, 88, 0, 89, 0, 89, 0, 90, 0, 90, 0, 91, 0, 91, 0, 92, 0, 77, 0, 93, 0, 108, 0, 109, 0, 93, 0, 94, 1, 94, 0, 108, 0, 94, 0, 111, 0, 111, 0, 112, 0, 111, 0, 110, 1, 112, 0, 114, 1, 109, 0, 110, 0, 109, 0, 114, 0, 110, 0, 31, 2, 114, 0, 40, 2, 116, 0, 44, 2, 31, 0, 116, 0, 9, 0, 43, 2, 78, 0, 92, 1, 89, 1, 77, 0, 77, 0, 117, 0, 118, 0, 119, 1, 91, 0, 119, 0, 117, 0, 118, 0, 92, 0, 120, 1, 119, 0, 120, 0, 121, 0, 122, 1, 77, 0, 123, 0, 91, 0, 122, 0, 122, 0, 124, 1, 124, 0, 94, 0, 126, 0, 122, 2, 126, 0, 92, 2, 126, 0, 119, 2, 125, 0, 123, 1, 125, 0, 117, 1, 123, 0, 78, 0, 77, 0, 121, 0, 120, 0, 124, 0, 127, 0, 40, 1, 127, 0, 31, 1, 4, 1, 128, 0, 46, 0, 129, 0, 129, 0, 47, 0, 128, 0, 130, 2, 130, 0, 9, 1, 128, 0, 131, 2, 131, 0, 38, 1 )

[sub_resource type="ShaderMaterial" id=94]
resource_local_to_scene = true
shader = SubResource( 70 )

[node name="FixedSuspension" instance=ExtResource( 1 )]
fixed = true

[node name="MainSprite" parent="." index="2"]
modulate = Color( 0.843137, 0.219608, 0.219608, 1 )
material = SubResource( 94 )
