[gd_scene load_steps=22 format=2]

[ext_resource path="res://icon.png" type="Texture" id=1]
[ext_resource path="res://scripts/liquid.gd" type="Script" id=2]

[sub_resource type="VisualShaderNodeScalarOp" id=7]

[sub_resource type="VisualShaderNodeScalarOp" id=8]
default_input_values = [ 0, 0.0, 1, 3.0 ]
operator = 2

[sub_resource type="VisualShaderNodeScalarOp" id=14]
output_port_for_preview = 0
default_input_values = [ 0, 0.0, 1, 0.3 ]

[sub_resource type="VisualShaderNodeScalarInterp" id=15]
output_port_for_preview = 0

[sub_resource type="VisualShaderNodeVectorFunc" id=16]
function = 5

[sub_resource type="VisualShaderNodeVectorCompose" id=17]
default_input_values = [ 0, 0.57, 1, 1.0, 2, 0.0 ]

[sub_resource type="VisualShaderNodeTransformVecMult" id=19]
output_port_for_preview = 0

[sub_resource type="VisualShaderNodeTransformUniform" id=20]
uniform_name = "transform"

[sub_resource type="VisualShaderNodeInput" id=1]
output_port_for_preview = 0
input_name = "uv"

[sub_resource type="VisualShaderNodeVectorDecompose" id=2]
output_port_for_preview = 1

[sub_resource type="VisualShaderNodeCompare" id=3]
default_input_values = [ 0, 0.0, 1, 0.3, 2, 1e-05 ]
function = 2

[sub_resource type="VisualShaderNodeScalarOp" id=9]
default_input_values = [ 0, 0.0, 1, 10.0 ]
operator = 3

[sub_resource type="VisualShaderNodeScalarFunc" id=10]
function = 0

[sub_resource type="VisualShaderNodeScalarOp" id=11]
default_input_values = [ 0, 0.0, 1, 3.0 ]
operator = 2

[sub_resource type="VisualShaderNodeScalarOp" id=12]

[sub_resource type="VisualShaderNodeInput" id=13]
input_name = "time"

[sub_resource type="VisualShader" id=4]
code = "shader_type canvas_item;
uniform mat4 transform;



void vertex() {
// Output:0

}

void fragment() {
// TransformUniform:18
	mat4 n_out18p0 = transform;

// Input:2
	vec3 n_out2p0 = vec3(UV, 0.0);

// TransformVectorMult:17
	vec3 n_out17p0 = (n_out18p0 * vec4(n_out2p0, 1.0)).xyz;

// VectorDecompose:3
	float n_out3p0 = n_out17p0.x;
	float n_out3p1 = n_out17p0.y;
	float n_out3p2 = n_out17p0.z;

// ScalarOp:12
	float n_in12p1 = 0.30000;
	float n_out12p0 = n_out3p1 + n_in12p1;

// Input:9
	float n_out9p0 = TIME;

// ScalarOp:11
	float n_in11p1 = 3.00000;
	float n_out11p0 = n_out9p0 * n_in11p1;

// ScalarOp:10
	float n_out10p0 = n_out11p0 + n_out3p0;

// ScalarOp:5
	float n_in5p1 = 10.00000;
	float n_out5p0 = n_out10p0 / n_in5p1;

// ScalarFunc:6
	float n_out6p0 = sin(n_out5p0);

// ScalarOp:7
	float n_in7p1 = 3.00000;
	float n_out7p0 = n_out6p0 * n_in7p1;

// ScalarOp:8
	float n_out8p0 = n_out7p0 + n_out3p1;

// Compare:4
	float n_in4p1 = 0.30000;
	bool n_out4p0 = n_out8p0>n_in4p1;

// ScalarMix:13
	float n_in13p0 = 0.00000;
	float n_out13p0 = mix(n_in13p0, n_out12p0, (n_out4p0 ? 1.0 : 0.0));

// VectorCompose:15
	float n_in15p0 = 0.57000;
	vec3 n_out15p0 = vec3(n_in15p0, n_out13p0, n_out13p0);

// VectorFunc:14
	vec3 n_out14p0;
	{
		vec3 c = n_out15p0;
		vec4 K = vec4(1.0, 2.0 / 3.0, 1.0 / 3.0, 3.0);
		vec3 p = abs(fract(c.xxx + K.xyz) * 6.0 - K.www);
		n_out14p0 = c.z * mix(K.xxx, clamp(p - K.xxx, 0.0, 1.0), c.y);
	}

// Output:0
	COLOR.rgb = n_out14p0;
	COLOR.a = n_out13p0;

}

void light() {
// Output:0

}
"
graph_offset = Vector2( -1875, -252 )
mode = 1
flags/light_only = false
nodes/fragment/0/position = Vector2( 1221, 274 )
nodes/fragment/2/node = SubResource( 1 )
nodes/fragment/2/position = Vector2( -1350, 166 )
nodes/fragment/3/node = SubResource( 2 )
nodes/fragment/3/position = Vector2( -658, 188 )
nodes/fragment/4/node = SubResource( 3 )
nodes/fragment/4/position = Vector2( 343, 154 )
nodes/fragment/5/node = SubResource( 9 )
nodes/fragment/5/position = Vector2( -156, 81 )
nodes/fragment/6/node = SubResource( 10 )
nodes/fragment/6/position = Vector2( -163, -22 )
nodes/fragment/7/node = SubResource( 11 )
nodes/fragment/7/position = Vector2( -138, -165 )
nodes/fragment/8/node = SubResource( 12 )
nodes/fragment/8/position = Vector2( 156, 148 )
nodes/fragment/9/node = SubResource( 13 )
nodes/fragment/9/position = Vector2( -481, -130 )
nodes/fragment/10/node = SubResource( 7 )
nodes/fragment/10/position = Vector2( -374, 114 )
nodes/fragment/11/node = SubResource( 8 )
nodes/fragment/11/position = Vector2( -432, -29 )
nodes/fragment/12/node = SubResource( 14 )
nodes/fragment/12/position = Vector2( -45, 348 )
nodes/fragment/13/node = SubResource( 15 )
nodes/fragment/13/position = Vector2( 556, 213 )
nodes/fragment/14/node = SubResource( 16 )
nodes/fragment/14/position = Vector2( 1042, 136 )
nodes/fragment/15/node = SubResource( 17 )
nodes/fragment/15/position = Vector2( 789, 118 )
nodes/fragment/17/node = SubResource( 19 )
nodes/fragment/17/position = Vector2( -1048, 62 )
nodes/fragment/18/node = SubResource( 20 )
nodes/fragment/18/position = Vector2( -1412, -35 )
nodes/fragment/connections = PoolIntArray( 5, 0, 6, 0, 6, 0, 7, 0, 7, 0, 8, 0, 3, 1, 8, 1, 8, 0, 4, 0, 3, 0, 10, 1, 10, 0, 5, 0, 9, 0, 11, 0, 11, 0, 10, 0, 3, 1, 12, 0, 4, 0, 13, 2, 12, 0, 13, 1, 13, 0, 0, 1, 14, 0, 0, 0, 15, 0, 14, 0, 13, 0, 15, 2, 13, 0, 15, 1, 18, 0, 17, 0, 2, 0, 17, 1, 17, 0, 3, 0 )

[sub_resource type="ShaderMaterial" id=21]
shader = SubResource( 4 )
shader_param/transform = Transform2D( 85.1634, -51.9024, 69.8493, 114.611, 0.864555, 3.64341 )

[sub_resource type="ProxyTexture" id=22]

[node name="Node2D" type="Node2D"]

[node name="Liquid" type="Sprite" parent="."]
material = SubResource( 21 )
position = Vector2( 0.864555, 3.64341 )
rotation = -0.547335
scale = Vector2( 99.733, 134.219 )
texture = SubResource( 22 )
centered = false
script = ExtResource( 2 )

[node name="Sprite" type="Sprite" parent="."]
position = Vector2( 45.3238, 14.9831 )
scale = Vector2( 2, 2 )
z_index = -1
texture = ExtResource( 1 )
