[gd_scene load_steps=27 format=2]

[ext_resource path="res://scripts/sky.gd" type="Script" id=1]
[ext_resource path="res://icon.png" type="Texture" id=2]
[ext_resource path="res://scripts/sun.gd" type="Script" id=3]

[sub_resource type="VisualShaderNodeColorConstant" id=1]
constant = Color( 0.133253, 0.0346711, 0.328125, 1 )

[sub_resource type="VisualShaderNodeScalarOp" id=2]
operator = 1

[sub_resource type="VisualShaderNodeScalarOp" id=3]
operator = 3

[sub_resource type="VisualShaderNodeScalarOp" id=4]
operator = 1

[sub_resource type="VisualShaderNodeScalarConstant" id=5]

[sub_resource type="VisualShaderNodeScalarConstant" id=6]
constant = -5000.0

[sub_resource type="VisualShaderNodeInput" id=7]
output_port_for_preview = 0
input_name = "color"

[sub_resource type="VisualShaderNodeVectorDecompose" id=8]

[sub_resource type="VisualShaderNodeVectorScalarMix" id=9]

[sub_resource type="VisualShaderNodeColorConstant" id=10]
constant = Color( 0.590687, 0.865396, 0.878906, 1 )

[sub_resource type="VisualShaderNodeInput" id=11]
input_name = "vertex"

[sub_resource type="VisualShader" id=12]
code = "shader_type canvas_item;



void vertex() {
// Input:2
	vec3 n_out2p0 = vec3(VERTEX, 0.0);

// Output:0
	COLOR.rgb = n_out2p0;

}

void fragment() {
// Color:7
	vec3 n_out7p0 = vec3(0.590687, 0.865396, 0.878906);
	float n_out7p1 = 1.000000;

// Color:11
	vec3 n_out11p0 = vec3(0.133253, 0.034671, 0.328125);
	float n_out11p1 = 1.000000;

// Input:4
	vec3 n_out4p0 = COLOR.rgb;

// VectorDecompose:5
	float n_out5p0 = n_out4p0.x;
	float n_out5p1 = n_out4p0.y;
	float n_out5p2 = n_out4p0.z;

// Scalar:15
	float n_out15p0 = 0.000000;

// ScalarOp:12
	float n_out12p0 = n_out5p1 - n_out15p0;

// Scalar:16
	float n_out16p0 = -5000.000000;

// ScalarOp:14
	float n_out14p0 = n_out16p0 - n_out15p0;

// ScalarOp:13
	float n_out13p0 = n_out12p0 / n_out14p0;

// VectorScalarMix:6
	vec3 n_out6p0 = mix(n_out7p0, n_out11p0, n_out13p0);

// Output:0
	COLOR.rgb = n_out6p0;

}

void light() {
// Output:0

}
"
graph_offset = Vector2( -571.25, 137 )
mode = 1
flags/light_only = false
nodes/vertex/2/node = SubResource( 11 )
nodes/vertex/2/position = Vector2( 43, 189 )
nodes/vertex/connections = PoolIntArray( 2, 0, 0, 2 )
nodes/fragment/0/position = Vector2( 900, 437 )
nodes/fragment/4/node = SubResource( 7 )
nodes/fragment/4/position = Vector2( -844.2, 397 )
nodes/fragment/5/node = SubResource( 8 )
nodes/fragment/5/position = Vector2( -603.2, 402 )
nodes/fragment/6/node = SubResource( 9 )
nodes/fragment/6/position = Vector2( 605.8, 402 )
nodes/fragment/7/node = SubResource( 10 )
nodes/fragment/7/position = Vector2( 303.8, 349 )
nodes/fragment/11/node = SubResource( 1 )
nodes/fragment/11/position = Vector2( 304.8, 239 )
nodes/fragment/12/node = SubResource( 2 )
nodes/fragment/12/position = Vector2( -17.25, 350 )
nodes/fragment/13/node = SubResource( 3 )
nodes/fragment/13/position = Vector2( 164.75, 474 )
nodes/fragment/14/node = SubResource( 4 )
nodes/fragment/14/position = Vector2( -28.25, 483 )
nodes/fragment/15/node = SubResource( 5 )
nodes/fragment/15/position = Vector2( -276.25, 546 )
nodes/fragment/16/node = SubResource( 6 )
nodes/fragment/16/position = Vector2( -271.25, 468 )
nodes/fragment/connections = PoolIntArray( 4, 0, 5, 0, 12, 0, 13, 0, 14, 0, 13, 1, 15, 0, 14, 1, 15, 0, 12, 1, 5, 1, 12, 0, 13, 0, 6, 2, 7, 0, 6, 0, 6, 0, 0, 0, 11, 0, 6, 1, 16, 0, 14, 0 )

[sub_resource type="ShaderMaterial" id=13]
shader = SubResource( 12 )

[sub_resource type="VisualShaderNodeInput" id=14]
output_port_for_preview = 0
input_name = "uv"

[sub_resource type="VisualShaderNodeVectorDistance" id=15]
output_port_for_preview = 0
default_input_values = [ 0, Vector3( 0, 0, 0 ), 1, Vector3( 0.5, 0.5, 0 ) ]

[sub_resource type="VisualShaderNodeScalarFunc" id=16]
output_port_for_preview = 0
function = 31

[sub_resource type="VisualShaderNodeScalarOp" id=17]
output_port_for_preview = 0
default_input_values = [ 0, 0.0, 1, 2.0 ]
operator = 2

[sub_resource type="VisualShaderNodeColorConstant" id=18]
constant = Color( 0.945312, 0.931927, 0.88623, 1 )

[sub_resource type="VisualShaderNodeScalarOp" id=19]
output_port_for_preview = 0
default_input_values = [ 0, 0.0, 1, 1.0 ]
operator = 5

[sub_resource type="VisualShaderNodeScalarClamp" id=20]
output_port_for_preview = 0

[sub_resource type="VisualShader" id=21]
code = "shader_type canvas_item;



void vertex() {
// Output:0

}

void fragment() {
// Color:6
	vec3 n_out6p0 = vec3(0.945312, 0.931927, 0.886230);
	float n_out6p1 = 1.000000;

// Input:2
	vec3 n_out2p0 = vec3(UV, 0.0);

// Distance:3
	vec3 n_in3p1 = vec3(0.50000, 0.50000, 0.00000);
	float n_out3p0 = distance(n_out2p0, n_in3p1);

// ScalarOp:5
	float n_in5p1 = 2.00000;
	float n_out5p0 = n_out3p0 * n_in5p1;

// ScalarFunc:4
	float n_out4p0 = 1.0 - n_out5p0;

// ScalarClamp:8
	float n_in8p1 = 0.00000;
	float n_in8p2 = 1.00000;
	float n_out8p0 = clamp(n_out4p0, n_in8p1, n_in8p2);

// ScalarOp:7
	float n_in7p1 = 1.00000;
	float n_out7p0 = pow(n_out8p0, n_in7p1);

// Output:0
	COLOR.rgb = n_out6p0;
	COLOR.a = n_out7p0;

}

void light() {
// Output:0

}
"
graph_offset = Vector2( -1265.25, -127.75 )
mode = 1
flags/light_only = false
nodes/fragment/2/node = SubResource( 14 )
nodes/fragment/2/position = Vector2( -1086.25, 109 )
nodes/fragment/3/node = SubResource( 15 )
nodes/fragment/3/position = Vector2( -866.25, 109 )
nodes/fragment/4/node = SubResource( 16 )
nodes/fragment/4/position = Vector2( -428.25, 130 )
nodes/fragment/5/node = SubResource( 17 )
nodes/fragment/5/position = Vector2( -635.25, 76 )
nodes/fragment/6/node = SubResource( 18 )
nodes/fragment/6/position = Vector2( 37.75, -7 )
nodes/fragment/7/node = SubResource( 19 )
nodes/fragment/7/position = Vector2( 128.75, 199 )
nodes/fragment/8/node = SubResource( 20 )
nodes/fragment/8/position = Vector2( -153.25, 222 )
nodes/fragment/connections = PoolIntArray( 2, 0, 3, 0, 3, 0, 5, 0, 5, 0, 4, 0, 6, 0, 0, 0, 4, 0, 8, 0, 8, 0, 7, 0, 7, 0, 0, 1 )

[sub_resource type="ShaderMaterial" id=22]
shader = SubResource( 21 )

[sub_resource type="ProxyTexture" id=23]

[node name="Sky" type="Polygon2D"]
material = SubResource( 13 )
polygon = PoolVector2Array( -1565.2, -1048.74, -1565.2, 2631.1, 3562.01, 2631.1, 3562.01, -1048.74 )
script = ExtResource( 1 )

[node name="Light2D" type="Light2D" parent="."]
visible = false
position = Vector2( 517.992, 447.357 )
texture = ExtResource( 2 )
texture_scale = 8.49

[node name="Sun" type="Sprite" parent="."]
material = SubResource( 22 )
position = Vector2( 1858.46, 264.384 )
scale = Vector2( 500, 500 )
texture = SubResource( 23 )
script = ExtResource( 3 )
min_height = 200
max_height = 800
