[gd_resource type="ShaderMaterial" load_steps=27 format=2]

[sub_resource type="VisualShaderNodeVectorFunc" id=3]
output_port_for_preview = 0
function = 6

[sub_resource type="VisualShaderNodeVectorOp" id=4]
default_input_values = [ 0, Vector3( 1, 1, 1 ), 1, Vector3( 0, 0, 0 ) ]
operator = 2

[sub_resource type="VisualShaderNodeVectorOp" id=5]
output_port_for_preview = 0
default_input_values = [ 0, Vector3( 0, 0, 0 ), 1, Vector3( 800, 300, 0 ) ]
operator = 1

[sub_resource type="VisualShaderNodeVectorOp" id=6]
output_port_for_preview = 0
default_input_values = [ 0, Vector3( 0, 0, 0 ), 1, Vector3( 2, 2, 0 ) ]
operator = 2

[sub_resource type="VisualShaderNodeVectorOp" id=7]
operator = 1

[sub_resource type="VisualShaderNodeScalarConstant" id=8]
constant = 50.0

[sub_resource type="VisualShaderNodeVec3Uniform" id=9]
uniform_name = "scale"

[sub_resource type="VisualShaderNodeCompare" id=10]
output_port_for_preview = 0
default_input_values = [ 0, 0.0, 1, 0.5, 2, 1e-05 ]
function = 4

[sub_resource type="VisualShaderNodeInput" id=11]
output_port_for_preview = 0
input_name = "uv"

[sub_resource type="VisualShaderNodeVectorOp" id=12]
output_port_for_preview = 0
operator = 3

[sub_resource type="VisualShaderNodeVectorClamp" id=13]
output_port_for_preview = 0
default_input_values = [ 0, Vector3( 0, 0, 0 ), 1, Vector3( 0, 0, 0 ), 2, Vector3( 1, 1, 0 ) ]

[sub_resource type="VisualShaderNodeVectorLen" id=14]
output_port_for_preview = 0

[sub_resource type="VisualShaderNodeCompare" id=15]
output_port_for_preview = 0
default_input_values = [ 0, 0.0, 1, 1.0, 2, 1e-05 ]
function = 4

[sub_resource type="VisualShaderNodeScalarInterp" id=16]
output_port_for_preview = 0
default_input_values = [ 0, 0.6, 1, 0.7, 2, 0.5 ]

[sub_resource type="VisualShaderNodeVectorOp" id=18]
output_port_for_preview = 0
default_input_values = [ 0, Vector3( 0, 0, 0 ), 1, Vector3( 0.5, 0.5, 0 ) ]
operator = 1

[sub_resource type="VisualShaderNodeVectorDecompose" id=19]
output_port_for_preview = 0

[sub_resource type="VisualShaderNodeScalarFunc" id=20]
output_port_for_preview = 0
function = 0

[sub_resource type="VisualShaderNodeScalarOp" id=21]
default_input_values = [ 0, 0.0, 1, 9.42478 ]
operator = 2

[sub_resource type="VisualShaderNodeScalarFunc" id=24]
output_port_for_preview = 0
function = 12

[sub_resource type="VisualShaderNodeCompare" id=25]
output_port_for_preview = 0
default_input_values = [ 0, 0.0, 1, 0.9, 2, 1e-05 ]
function = 4

[sub_resource type="VisualShaderNodeVectorScalarMix" id=26]
output_port_for_preview = 0

[sub_resource type="VisualShaderNodeColorConstant" id=27]
constant = Color( 0.898039, 0.742555, 0.211765, 1 )

[sub_resource type="VisualShaderNodeScalarOp" id=28]
default_input_values = [ 0, 3.14159, 1, 2.5 ]
operator = 2

[sub_resource type="VisualShaderNodeCompare" id=29]
output_port_for_preview = 0
default_input_values = [ 0, 0.0, 1, 0.6, 2, 1e-05 ]
function = 4

[sub_resource type="VisualShaderNodeScalarOp" id=30]
output_port_for_preview = 0
operator = 7

[sub_resource type="VisualShader" id=22]
code = "shader_type canvas_item;
uniform vec3 scale;



void vertex() {
// Output:0

}

void fragment() {
// Input:4
	vec3 n_out4p0 = vec3(UV, 0.0);

// VectorOp:5
	vec3 n_in5p1 = vec3(0.50000, 0.50000, 0.00000);
	vec3 n_out5p0 = n_out4p0 - n_in5p1;

// VectorOp:18
	vec3 n_in18p1 = vec3(2.00000, 2.00000, 0.00000);
	vec3 n_out18p0 = n_out5p0 * n_in18p1;

// VectorFunc:10
	vec3 n_out10p0 = abs(n_out18p0);

// VectorUniform:23
	vec3 n_out23p0 = scale;

// VectorOp:16
	vec3 n_out16p0 = n_out10p0 * n_out23p0;

// Scalar:20
	float n_out20p0 = 50.000000;

// VectorOp:19
	vec3 n_out19p0 = n_out23p0 - vec3(n_out20p0);

// VectorOp:17
	vec3 n_out17p0 = n_out16p0 - n_out19p0;

// VectorOp:42
	vec3 n_out42p0 = n_out17p0 / vec3(n_out20p0);

// VectorClamp:43
	vec3 n_in43p1 = vec3(0.00000, 0.00000, 0.00000);
	vec3 n_in43p2 = vec3(1.00000, 1.00000, 0.00000);
	vec3 n_out43p0 = clamp(n_out42p0, n_in43p1, n_in43p2);

// VectorLen:44
	float n_out44p0 = length(n_out43p0);

// Compare:35
	float n_in35p1 = 0.50000;
	bool n_out35p0 = n_out44p0<n_in35p1;

// ScalarMix:46
	float n_in46p0 = 0.60000;
	float n_in46p1 = 0.70000;
	float n_out46p0 = mix(n_in46p0, n_in46p1, (n_out35p0 ? 1.0 : 0.0));

// Color:56
	vec3 n_out56p0 = vec3(0.898039, 0.742555, 0.211765);
	float n_out56p1 = 1.000000;

// VectorDecompose:50
	float n_out50p0 = n_out10p0.x;
	float n_out50p1 = n_out10p0.y;
	float n_out50p2 = n_out10p0.z;

// Compare:58
	float n_in58p1 = 0.60000;
	bool n_out58p0 = n_out50p0<n_in58p1;

// ScalarOp:57
	float n_in57p0 = 3.14159;
	float n_in57p1 = 2.50000;
	float n_out57p0 = n_in57p0 * n_in57p1;

// ScalarOp:52
	float n_out52p0 = n_out50p0 * n_out57p0;

// ScalarFunc:51
	float n_out51p0 = sin(n_out52p0);

// ScalarFunc:53
	float n_out53p0 = abs(n_out51p0);

// Compare:54
	float n_in54p1 = 0.90000;
	bool n_out54p0 = n_out53p0<n_in54p1;

// ScalarOp:59
	float n_out59p0 = min((n_out58p0 ? 1.0 : 0.0), (n_out54p0 ? 1.0 : 0.0));

// VectorScalarMix:55
	vec3 n_out55p0 = mix(vec3(n_out46p0), n_out56p0, n_out59p0);

// Compare:45
	float n_in45p1 = 1.00000;
	bool n_out45p0 = n_out44p0<n_in45p1;

// Output:0
	COLOR.rgb = n_out55p0;
	COLOR.a = (n_out45p0 ? 1.0 : 0.0);

}

void light() {
// Output:0

}
"
graph_offset = Vector2( 926.25, -721 )
mode = 1
flags/light_only = false
nodes/vertex/0/position = Vector2( 838, 22 )
nodes/fragment/0/position = Vector2( 2310, 352 )
nodes/fragment/4/node = SubResource( 11 )
nodes/fragment/4/position = Vector2( -840, -400 )
nodes/fragment/5/node = SubResource( 18 )
nodes/fragment/5/position = Vector2( -665.8, -439 )
nodes/fragment/10/node = SubResource( 3 )
nodes/fragment/10/position = Vector2( -236, -377 )
nodes/fragment/16/node = SubResource( 4 )
nodes/fragment/16/position = Vector2( 189.7, -213 )
nodes/fragment/17/node = SubResource( 5 )
nodes/fragment/17/position = Vector2( 518.2, -22 )
nodes/fragment/18/node = SubResource( 6 )
nodes/fragment/18/position = Vector2( -454.3, -428.5 )
nodes/fragment/19/node = SubResource( 7 )
nodes/fragment/19/position = Vector2( 251, 131 )
nodes/fragment/20/node = SubResource( 8 )
nodes/fragment/20/position = Vector2( -149.3, 278.5 )
nodes/fragment/23/node = SubResource( 9 )
nodes/fragment/23/position = Vector2( -119, 32 )
nodes/fragment/35/node = SubResource( 10 )
nodes/fragment/35/position = Vector2( 1495, 58 )
nodes/fragment/42/node = SubResource( 12 )
nodes/fragment/42/position = Vector2( 802, 175 )
nodes/fragment/43/node = SubResource( 13 )
nodes/fragment/43/position = Vector2( 1027, 213 )
nodes/fragment/44/node = SubResource( 14 )
nodes/fragment/44/position = Vector2( 1248, 228 )
nodes/fragment/45/node = SubResource( 15 )
nodes/fragment/45/position = Vector2( 1500, 400 )
nodes/fragment/46/node = SubResource( 16 )
nodes/fragment/46/position = Vector2( 1914, 86 )
nodes/fragment/50/node = SubResource( 19 )
nodes/fragment/50/position = Vector2( 694.25, -576 )
nodes/fragment/51/node = SubResource( 20 )
nodes/fragment/51/position = Vector2( 1159.25, -539 )
nodes/fragment/52/node = SubResource( 21 )
nodes/fragment/52/position = Vector2( 972.25, -522 )
nodes/fragment/53/node = SubResource( 24 )
nodes/fragment/53/position = Vector2( 1364.5, -537 )
nodes/fragment/54/node = SubResource( 25 )
nodes/fragment/54/position = Vector2( 1585.5, -550 )
nodes/fragment/55/node = SubResource( 26 )
nodes/fragment/55/position = Vector2( 2162.5, -270 )
nodes/fragment/56/node = SubResource( 27 )
nodes/fragment/56/position = Vector2( 1706.5, -105 )
nodes/fragment/57/node = SubResource( 28 )
nodes/fragment/57/position = Vector2( 705.5, -339 )
nodes/fragment/58/node = SubResource( 29 )
nodes/fragment/58/position = Vector2( 982.5, -847 )
nodes/fragment/59/node = SubResource( 30 )
nodes/fragment/59/position = Vector2( 1829.5, -698 )
nodes/fragment/connections = PoolIntArray( 4, 0, 5, 0, 16, 0, 17, 0, 19, 0, 17, 1, 17, 0, 42, 0, 42, 0, 43, 0, 43, 0, 44, 0, 44, 0, 35, 0, 44, 0, 45, 0, 45, 0, 0, 1, 23, 0, 19, 0, 23, 0, 16, 1, 35, 0, 46, 2, 5, 0, 18, 0, 10, 0, 16, 0, 18, 0, 10, 0, 20, 0, 19, 1, 20, 0, 42, 1, 50, 0, 52, 0, 52, 0, 51, 0, 51, 0, 53, 0, 53, 0, 54, 0, 46, 0, 55, 0, 56, 0, 55, 1, 57, 0, 52, 1, 55, 0, 0, 0, 10, 0, 50, 0, 50, 0, 58, 0, 58, 0, 59, 0, 54, 0, 59, 1, 59, 0, 55, 2 )

[resource]
resource_local_to_scene = true
shader = SubResource( 22 )
shader_param/scale = Vector3( 300, 200, 0 )
